%%============================================================================
%% DPJ
%%============================================================================

@inproceedings{DPJ:HotPar09,
    author = {Bocchino, Robert L. and Adve, Vikram S. and Adve, Sarita V. and Snir, Marc},
    booktitle = {HOTPAR '09: USENIX Workshop on Hot Topics in Parallelism},
    doi = {10.1109/IPDPS.2008.4536264},
    month = {March},
    title = {{Parallel programming must be deterministic by default}},
    address = {Berkeley, CA},
    year = {2009}
}

@inproceedings{DPJ:OOPSLA09,
 author = {Bocchino~Jr., Robert L. and Adve, Vikram S. and Dig, Danny and Adve, Sarita V. and Heumann, Stephen and Komuravelli, Rakesh and Overbey, Jeffrey and Simmons, Patrick and Sung, Hyojin and Vakilian, Mohsen},
 title = {{A type and effect system for Deterministic Parallel Java}},
 booktitle = {OOPSLA '09: Proceedings of the 24th ACM SIGPLAN Conference on Object-Oriented Programming Systems, Languages, and Applications},
 year = {2009},
 isbn = {978-1-60558-766-0},
 pages = {97--116},
 location = {Orlando, Florida, USA},
 doi = {http://doi.acm.org/10.1145/1640089.1640097},
 address = {New York, NY, USA},
}

@techreport{DPJ:FormalTR08,
  author = {Robert L. Bocchino and Vikram S. Adve},
  title = {{Formal definition and proof of soundness for Core DPJ}},
  number = "UIUCDCS-R-2008-2980",
  year = "2008",
  institution = {University of Illinois at Urbana-Champaign},
}

@Misc{DPJ:URL,
    howpublished = "\texttt{http://dpj.cs.uiuc.edu}"
}

@inproceedings{DPJ:ASE09,
  author = {Mohsen Vakilian and Danny Dig and Robert Bocchino and
                  Jeffrey Overbey and Vikram Adve and Ralph Johnson},
  title = {{Inferring method effect summaries for nested heap regions}},
 booktitle = {ASE '09: Proceedings of the 24th IEEE/ACM International Conference on Automated Software Engineering},
 year = {2009},
 location = {Auckland, New Zealand},
}

@techreport{DPJ:FrameworksTR09,
  author = {Robert L. Bocchino Jr. and Vikram S. Adve},
  title = {{Types, regions, and effects for safe programming with object-oriented parallel frameworks}},
  number = "http://hdl.handle/net/2142/13708",
  institution = "University of Illinois at Urbana-Champaign",
  year= "2009",
}

@Misc{ParallelArray,
    howpublished = {http://gee.cs.oswego.edu/dl/jsr166/dist/extra166ydocs/index.html?extra166y/package-tree.html}
}              

@Misc{DPJ:PLDI10,
  author = {Robert L. Bocchino Jr. and Stephen Heumann and Nima Honarmand and Sarita Adve and Vikram Adve and Adam Welc and Tatiana Shpeisman and Yang Ni},
  title = {{Safe nondeterminism in a deterministic-by-default parallel language}},
  howpublished = {Submitted for publication},
  year = {2009}
}

@inproceedings{FX:POPL88,
 author = {Lucassen, J. M. and Gifford, D. K.},
 title = {{Polymorphic effect systems}},
 booktitle = {POPL '88: Proceedings of the 15th ACM SIGPLAN-SIGACT symposium on Principles of programming languages},
 year = {1988},
 isbn = {0-89791-252-7},
 pages = {47--57},
 location = {San Diego, California, United States},
 doi = {http://doi.acm.org/10.1145/73560.73564},
 publisher = {ACM},
 address = {New York, NY, USA}
}

@inproceedings{JOE:OOPSLA02,
 author = {Clarke, Dave and Drossopoulou, Sophia},
 title = {{Ownership, encapsulation and the disjointness of type and effect}},
 booktitle = {OOPSLA '02: Proceedings of the 17th ACM SIGPLAN conference on Object-oriented programming, systems, languages, and applications},
 year = {2002},
 isbn = {1-58113-471-1},
 pages = {292--310},
 location = {Seattle, Washington, USA},
 doi = {http://doi.acm.org/10.1145/582419.582447},
 publisher = {ACM},
 address = {New York, NY, USA},
}

@inproceedings{MOJO:OOPSLA07,
 author = {Cameron, Nicholas R. and Drossopoulou, Sophia and Noble, James and Smith, Matthew J.},
 title = {Multiple ownership},
 booktitle = {OOPSLA '07: Proceedings of the 22nd annual ACM SIGPLAN conference on Object-oriented programming systems and applications},
 year = {2007},
 isbn = {978-1-59593-786-5},
 pages = {441--460},
 location = {Montreal, Quebec, Canada},
 doi = {http://doi.acm.org/10.1145/1297027.1297060},
 publisher = {ACM},
 address = {New York, NY, USA},
}

@book{Eiffel:ThomasWeedon98,
 author = {Thomas, Peter and Weedon, Ray},
 editor = {Meyer, Bertrand},
 title = {{Object-Oriented Programming in Eiffel: 2nd Ed.}},
 year = {1998},
 isbn = {0201331314},
 publisher = {Addison-Wesley Longman Publishing Co., Inc.},
 address = {Boston, MA, USA},
 }

@Article{Talpin:JFP1992,
    author = {Jean-Pierre Talpin and Pierre Jouvelot},
    title = {Polymorphic Type, Region and Effect Inference},
    journal = {Journal of Functional Programming},
    year = {1992},
    volume = {2},
    pages = {245--271}
}

@book{TransactionalMemory:Larus,
 author = {Larus, Jim and Rajwar, Ravi},
 title = {{Transactional Memory (Synthesis Lectures on Computer Architecture)}},
 year = {2007},
 isbn = {1598291246},
 publisher = {Morgan \& Claypool Publishers},
}

@book{JLS,
 author = {Gosling, James and Joy, Bill and Steele, Guy and Bracha, Gilad},
 title = {{The Java(TM) Language Specification (3rd Edition)}},
 year = {2005},
 isbn = {0321246780},
 publisher = {Addison-Wesley Professional},
}

@book{Papadimitriou:Database,
 author = {Papadimitriou, Christos},
 title = {{The Theory of Database Concurrency Control}},
 year = {1986},
 isbn = {0-88175-027-1},
 publisher = {Computer Science Press, Inc.},
 address = {New York, NY, USA},
 }